<record><leader>00000cas a2200000 a 4500</leader><controlfield tag="001">43623531</controlfield><controlfield tag="008">000313d196619uucaudn ne      0    0eng c</controlfield><datafield ind1=" " ind2=" " tag="010"><subfield code="a">sn 00060376 </subfield></datafield><datafield ind1=" " ind2=" " tag="040"><subfield code="a">CNK</subfield><subfield code="b">eng</subfield><subfield code="c">CNK</subfield><subfield code="d">OCLCQ</subfield><subfield code="d">OCLCF</subfield><subfield code="d">OCLCO</subfield></datafield><datafield ind1="1" ind2=" " tag="029"><subfield code="a">AU@</subfield><subfield code="b">000021430927</subfield></datafield><datafield ind1=" " ind2=" " tag="042"><subfield code="a">pcc</subfield></datafield><datafield ind1=" " ind2=" " tag="043"><subfield code="a">n-us-ca</subfield></datafield><datafield ind1="0" ind2=" " tag="130"><subfield code="a">Daily news (Whittier, Calif. : Pico Rivera, Santa Fe Springs and Montebello ed.)</subfield></datafield><datafield ind1="1" ind2="4" tag="245"><subfield code="a">The daily news.</subfield></datafield><datafield ind1=" " ind2=" " tag="250"><subfield code="a">Pico Rivera, Santa Fe Springs and Montebello ed.</subfield></datafield><datafield ind1=" " ind2=" " tag="260"><subfield code="a">Whittier, Calif. :</subfield><subfield code="b">Owens Whittier Pub. Co.</subfield></datafield><datafield ind1=" " ind2=" " tag="300"><subfield code="a">v.</subfield></datafield><datafield ind1=" " ind2=" " tag="310"><subfield code="a">Daily (except Sat. and Sun.)</subfield></datafield><datafield ind1="0" ind2=" " tag="362"><subfield code="a">Vol. 68, no. 266 (Jan. 28, 1966)-</subfield></datafield><datafield ind1=" " ind2=" " tag="580"><subfield code="a">Published in several local editions.</subfield></datafield><datafield ind1=" " ind2="0" tag="651"><subfield code="a">Whittier (Calif.)</subfield><subfield code="v">Newspapers.</subfield></datafield><datafield ind1=" " ind2="0" tag="651"><subfield code="a">Pico Rivera (Calif.)</subfield><subfield code="v">Newspapers.</subfield></datafield><datafield ind1=" " ind2="0" tag="651"><subfield code="a">Santa Fe Springs (Calif.)</subfield><subfield code="v">Newspapers.</subfield></datafield><datafield ind1=" " ind2="0" tag="651"><subfield code="a">Montebello (Calif.)</subfield><subfield code="v">Newspapers.</subfield></datafield><datafield ind1=" " ind2="7" tag="655"><subfield code="a">Newspapers.</subfield><subfield code="2">fast</subfield><subfield code="0">(OCoLC)fst01423814</subfield></datafield><datafield ind1=" " ind2="7" tag="651"><subfield code="a">California</subfield><subfield code="z">Montebello.</subfield><subfield code="2">fast</subfield><subfield code="0">(OCoLC)fst01202686</subfield></datafield><datafield ind1=" " ind2="7" tag="651"><subfield code="a">California</subfield><subfield code="z">Pico Rivera.</subfield><subfield code="2">fast</subfield><subfield code="0">(OCoLC)fst01219041</subfield></datafield><datafield ind1=" " ind2="7" tag="651"><subfield code="a">California</subfield><subfield code="z">Santa Fe Springs.</subfield><subfield code="2">fast</subfield><subfield code="0">(OCoLC)fst01218724</subfield></datafield><datafield ind1=" " ind2="7" tag="651"><subfield code="a">California</subfield><subfield code="z">Whittier.</subfield><subfield code="2">fast</subfield><subfield code="0">(OCoLC)fst01206898</subfield></datafield><datafield ind1=" " ind2=" " tag="752"><subfield code="a">United States</subfield><subfield code="b">California</subfield><subfield code="c">Los Angeles</subfield><subfield code="d">Whittier.</subfield></datafield><datafield ind1="0" ind2=" " tag="775"><subfield code="t">Daily news (Whittier, Calif.)</subfield><subfield code="w">(DLC)sn 83003717</subfield></datafield><datafield ind1="0" ind2="0" tag="780"><subfield code="t">Daily news (Whittier, Calif. : Pico Rivera and Santa Fe Springs ed.)</subfield><subfield code="w">(DLC)sn 00060385</subfield></datafield></record>